<?xml version="1.0" encoding="UTF-8"?>
<record xmlns="http://www.loc.gov/MARC21/slim">
  <leader>     cam a22        4500</leader>
  <controlfield tag="001">720714184</controlfield>
  <controlfield tag="003">DE-627</controlfield>
  <controlfield tag="005">20190813094438.0</controlfield>
  <controlfield tag="007">cr uuu---uuuuu</controlfield>
  <controlfield tag="008">120806s2010    xx |||||o     00| ||eng c</controlfield>
  <datafield tag="024" ind1="7" ind2=" ">
    <subfield code="a">10419/60323</subfield>
    <subfield code="2">hdl</subfield>
  </datafield>
  <datafield tag="035" ind1=" " ind2=" ">
    <subfield code="a">(DE-627)720714184</subfield>
  </datafield>
  <datafield tag="035" ind1=" " ind2=" ">
    <subfield code="a">(DE-599)GBV720714184</subfield>
  </datafield>
  <datafield tag="035" ind1=" " ind2=" ">
    <subfield code="a">(OCoLC)839865791</subfield>
  </datafield>
  <datafield tag="040" ind1=" " ind2=" ">
    <subfield code="a">DE-627</subfield>
    <subfield code="b">ger</subfield>
    <subfield code="c">DE-627</subfield>
    <subfield code="e">rakwb</subfield>
  </datafield>
  <datafield tag="041" ind1=" " ind2=" ">
    <subfield code="a">eng</subfield>
  </datafield>
  <datafield tag="044" ind1=" " ind2=" ">
    <subfield code="c">XA-GB</subfield>
  </datafield>
  <datafield tag="084" ind1=" " ind2=" ">
    <subfield code="a">F23</subfield>
    <subfield code="2">JEL</subfield>
  </datafield>
  <datafield tag="100" ind1="1" ind2=" ">
    <subfield code="a">Bandick, Roger</subfield>
    <subfield code="4">aut</subfield>
  </datafield>
  <datafield tag="245" ind1="1" ind2="0">
    <subfield code="a">Foreign acquisitions, domestic multinationals, and R&amp;D</subfield>
    <subfield code="c">Roger Bandick, Holger Görg and Patrik Karpaty</subfield>
  </datafield>
  <datafield tag="264" ind1=" " ind2="1">
    <subfield code="a">London</subfield>
    <subfield code="b">Centre for Economic Policy Research</subfield>
    <subfield code="c">2010</subfield>
  </datafield>
  <datafield tag="300" ind1=" " ind2=" ">
    <subfield code="a">Online-Ressource (PDF-Datei: 29 S., 396 KB)</subfield>
  </datafield>
  <datafield tag="336" ind1=" " ind2=" ">
    <subfield code="a">Text</subfield>
    <subfield code="b">txt</subfield>
    <subfield code="2">rdacontent</subfield>
  </datafield>
  <datafield tag="337" ind1=" " ind2=" ">
    <subfield code="a">Computermedien</subfield>
    <subfield code="b">c</subfield>
    <subfield code="2">rdamedia</subfield>
  </datafield>
  <datafield tag="338" ind1=" " ind2=" ">
    <subfield code="a">Online-Ressource</subfield>
    <subfield code="b">cr</subfield>
    <subfield code="2">rdacarrier</subfield>
  </datafield>
  <datafield tag="490" ind1="1" ind2=" ">
    <subfield code="a">Discussion paper series / Centre for Economic Policy Research</subfield>
    <subfield code="v">8081</subfield>
    <subfield code="a">International trade and regional economics</subfield>
  </datafield>
  <datafield tag="520" ind1=" " ind2=" ">
    <subfield code="a">The aim of this paper is to evaluate the causal effect of foreign acquisition on R&amp;D intensity in targeted domestic firms. We are able to distinguish domestic multinationals and non-multinationals, which allows us to investigate the fear that the change in ownership of domestic to foreign multinationals leads to a reduction in R&amp;D activity in the country, as headquarter activities are relocated to the new owner&apos;s home country. We use unique and rich firm level data for the Swedish manufacturing sector and different micro-econometric estimation strategies in order to control for the potential endogeneity of the acquisition dummy. Overall, our results give no support to the fears that foreign acquisition of domestic firms lead to a brain drain of R&amp;D activity in Swedish MNEs. Rather, this paper finds robust evidence that foreign acquisitions lead to increasing R&amp;D intensity in acquired domestic MNEs and non-MNEs. -- domestic multinationals ; foreign acquisition ; R&amp;D</subfield>
  </datafield>
  <datafield tag="538" ind1=" " ind2=" ">
    <subfield code="a">Systemvoraussetzungen: Acrobat Reader.</subfield>
  </datafield>
  <datafield tag="650" ind1=" " ind2="7">
    <subfield code="8">1.1\x</subfield>
    <subfield code="a">Multinationales Unternehmen</subfield>
    <subfield code="0">(DE-627)091378923</subfield>
    <subfield code="0">(DE-STW)12062-4</subfield>
    <subfield code="2">stw</subfield>
  </datafield>
  <datafield tag="650" ind1=" " ind2="7">
    <subfield code="8">1.2\x</subfield>
    <subfield code="a">Auslandsinvestition</subfield>
    <subfield code="0">(DE-627)091355095</subfield>
    <subfield code="0">(DE-STW)10823-6</subfield>
    <subfield code="2">stw</subfield>
  </datafield>
  <datafield tag="650" ind1=" " ind2="7">
    <subfield code="8">1.3\x</subfield>
    <subfield code="a">Übernahme</subfield>
    <subfield code="0">(DE-627)091395682</subfield>
    <subfield code="0">(DE-STW)12304-6</subfield>
    <subfield code="2">stw</subfield>
  </datafield>
  <datafield tag="650" ind1=" " ind2="7">
    <subfield code="8">1.4\x</subfield>
    <subfield code="a">Industrieforschung</subfield>
    <subfield code="0">(DE-627)091367115</subfield>
    <subfield code="0">(DE-STW)18461-2</subfield>
    <subfield code="2">stw</subfield>
  </datafield>
  <datafield tag="650" ind1=" " ind2="7">
    <subfield code="8">1.5\x</subfield>
    <subfield code="a">Brain Drain</subfield>
    <subfield code="0">(DE-627)091352673</subfield>
    <subfield code="0">(DE-STW)10491-5</subfield>
    <subfield code="2">stw</subfield>
  </datafield>
  <datafield tag="650" ind1=" " ind2="7">
    <subfield code="8">1.6\x</subfield>
    <subfield code="a">Schätzung</subfield>
    <subfield code="0">(DE-627)091387892</subfield>
    <subfield code="0">(DE-STW)19037-3</subfield>
    <subfield code="2">stw</subfield>
  </datafield>
  <datafield tag="650" ind1=" " ind2="7">
    <subfield code="8">1.7\x</subfield>
    <subfield code="a">Schweden</subfield>
    <subfield code="0">(DE-627)091388708</subfield>
    <subfield code="0">(DE-STW)16989-5</subfield>
    <subfield code="2">stw</subfield>
  </datafield>
  <datafield tag="700" ind1="1" ind2=" ">
    <subfield code="a">Görg, Holger</subfield>
    <subfield code="d">1970-</subfield>
    <subfield code="0">(DE-588)136676103</subfield>
    <subfield code="0">(DE-627)585095779</subfield>
    <subfield code="0">(DE-576)301203210</subfield>
    <subfield code="4">aut</subfield>
  </datafield>
  <datafield tag="700" ind1="1" ind2=" ">
    <subfield code="a">Karpaty, Patrik</subfield>
    <subfield code="4">aut</subfield>
  </datafield>
  <datafield tag="776" ind1="0" ind2="8">
    <subfield code="i">Druckausg.</subfield>
    <subfield code="a">Bandick, Roger</subfield>
    <subfield code="t">Foreign acquisitions, domestic multinationals, and R&amp;D</subfield>
    <subfield code="d">London : Centre for Economic Policy Research, 2010</subfield>
    <subfield code="h">29 S.</subfield>
    <subfield code="w">(DE-627)641207077</subfield>
  </datafield>
  <datafield tag="810" ind1="2" ind2=" ">
    <subfield code="a">Centre for Economic Policy Research</subfield>
    <subfield code="t">Discussion papers</subfield>
    <subfield code="v">8081</subfield>
    <subfield code="9">8081</subfield>
    <subfield code="w">(DE-627)32040868X</subfield>
    <subfield code="w">(DE-576)095551840</subfield>
    <subfield code="w">(DE-600)2001019-9</subfield>
  </datafield>
  <datafield tag="856" ind1="4" ind2="0">
    <subfield code="u">http://www.cepr.org/pubs/new-dps/dplist.asp?dpno=8081</subfield>
    <subfield code="x">Verlag</subfield>
    <subfield code="3">Volltext</subfield>
  </datafield>
  <datafield tag="856" ind1="4" ind2="0">
    <subfield code="u">http://hdl.handle.net/10419/60323</subfield>
    <subfield code="x">Resolving-System</subfield>
    <subfield code="3">Volltext</subfield>
  </datafield>
  <datafield tag="856" ind1="7" ind2=" ">
    <subfield code="u">10419/60323</subfield>
    <subfield code="2">hdl</subfield>
  </datafield>
  <datafield tag="924" ind1="1" ind2=" ">
    <subfield code="a">1317087860</subfield>
    <subfield code="b">DE-206</subfield>
    <subfield code="9">206</subfield>
    <subfield code="c">GBV</subfield>
    <subfield code="d">d</subfield>
    <subfield code="g">W 32 (8081)</subfield>
    <subfield code="h">K:</subfield>
  </datafield>
  <datafield tag="924" ind1="1" ind2=" ">
    <subfield code="a">1783102292</subfield>
    <subfield code="b">DE-700</subfield>
    <subfield code="9">700</subfield>
    <subfield code="c">GBV</subfield>
    <subfield code="d">d</subfield>
    <subfield code="k">http://hdl.handle.net/10419/60323</subfield>
  </datafield>
  <datafield tag="951" ind1=" " ind2=" ">
    <subfield code="a">BO</subfield>
  </datafield>
</record>