
<?xml version="1.0" encoding="UTF-8"?>
<record xmlns="http://www.loc.gov/MARC21/slim">
  <leader>     cam a22        4500</leader>
  <controlfield tag="001">720712726</controlfield>
  <controlfield tag="003">DE-627</controlfield>
  <controlfield tag="005">20190813094419.0</controlfield>
  <controlfield tag="007">cr uuu---uuuuu</controlfield>
  <controlfield tag="008">120806s2011    xx |||||o     00| ||eng c</controlfield>
  <datafield tag="024" ind1="7" ind2=" ">
    <subfield code="a">10419/60322</subfield>
    <subfield code="2">hdl</subfield>
  </datafield>
  <datafield tag="035" ind1=" " ind2=" ">
    <subfield code="a">(DE-627)720712726</subfield>
  </datafield>
  <datafield tag="035" ind1=" " ind2=" ">
    <subfield code="a">(DE-599)GBV720712726</subfield>
  </datafield>
  <datafield tag="035" ind1=" " ind2=" ">
    <subfield code="a">(OCoLC)839865672</subfield>
  </datafield>
  <datafield tag="040" ind1=" " ind2=" ">
    <subfield code="a">DE-627</subfield>
    <subfield code="b">ger</subfield>
    <subfield code="c">DE-627</subfield>
    <subfield code="e">rakwb</subfield>
  </datafield>
  <datafield tag="041" ind1=" " ind2=" ">
    <subfield code="a">eng</subfield>
  </datafield>
  <datafield tag="044" ind1=" " ind2=" ">
    <subfield code="c">XA-GB</subfield>
  </datafield>
  <datafield tag="084" ind1=" " ind2=" ">
    <subfield code="a">E20</subfield>
    <subfield code="a">E40</subfield>
    <subfield code="a">E50</subfield>
    <subfield code="2">JEL</subfield>
  </datafield>
  <datafield tag="100" ind1="1" ind2=" ">
    <subfield code="a">Graham, Liam</subfield>
    <subfield code="d">1968-</subfield>
    <subfield code="0">(DE-588)12448414X</subfield>
    <subfield code="0">(DE-627)478564554</subfield>
    <subfield code="0">(DE-576)294192700</subfield>
    <subfield code="4">aut</subfield>
  </datafield>
  <datafield tag="245" ind1="1" ind2="0">
    <subfield code="a">Hyperbolic discounting and positive optimal inflation</subfield>
    <subfield code="c">Liam Graham; Dennis J. Snower</subfield>
  </datafield>
  <datafield tag="264" ind1=" " ind2="1">
    <subfield code="a">London</subfield>
    <subfield code="b">Centre for Economic Policy Research</subfield>
    <subfield code="c">2011</subfield>
  </datafield>
  <datafield tag="300" ind1=" " ind2=" ">
    <subfield code="a">Online-Ressource (PDF-Datei: 47 S., 274 KB)</subfield>
  </datafield>
  <datafield tag="336" ind1=" " ind2=" ">
    <subfield code="a">Text</subfield>
    <subfield code="b">txt</subfield>
    <subfield code="2">rdacontent</subfield>
  </datafield>
  <datafield tag="337" ind1=" " ind2=" ">
    <subfield code="a">Computermedien</subfield>
    <subfield code="b">c</subfield>
    <subfield code="2">rdamedia</subfield>
  </datafield>
  <datafield tag="338" ind1=" " ind2=" ">
    <subfield code="a">Online-Ressource</subfield>
    <subfield code="b">cr</subfield>
    <subfield code="2">rdacarrier</subfield>
  </datafield>
  <datafield tag="490" ind1="1" ind2=" ">
    <subfield code="a">Discussion paper series / Centre for Economic Policy Research</subfield>
    <subfield code="v">8390</subfield>
    <subfield code="a">Labour economics</subfield>
  </datafield>
  <datafield tag="520" ind1=" " ind2=" ">
    <subfield code="a">The Friedman rule states that steady-state welfare is maximized when there is deflation at the real rate of interest. Recent work by Khan et al. (2003) uses a richer model but still finds deflation optimal. In an otherwise standard new Keynesian model we show that, if households have hyperbolic discounting, small positive rates of inflation can be optimal. In our baseline calibration, the optimal rate of inflation is 2.1% and remains positive across a wide range of calibrations. -- inflation targeting ; monetary policy ; nominal inertia ; optimal monetary policy ; Phillips curve and unemployment</subfield>
  </datafield>
  <datafield tag="538" ind1=" " ind2=" ">
    <subfield code="a">Systemvoraussetzungen: Acrobat Reader.</subfield>
  </datafield>
  <datafield tag="650" ind1=" " ind2="7">
    <subfield code="8">1.1\x</subfield>
    <subfield code="a">Geldpolitik</subfield>
    <subfield code="0">(DE-627)09136230X</subfield>
    <subfield code="0">(DE-STW)10382-3</subfield>
    <subfield code="2">stw</subfield>
  </datafield>
  <datafield tag="650" ind1=" " ind2="7">
    <subfield code="8">1.2\x</subfield>
    <subfield code="a">Inflationssteuerung</subfield>
    <subfield code="0">(DE-627)091367379</subfield>
    <subfield code="0">(DE-STW)19547-1</subfield>
    <subfield code="2">stw</subfield>
  </datafield>
  <datafield tag="650" ind1=" " ind2="7">
    <subfield code="8">1.3\x</subfield>
    <subfield code="a">Neoklassische Synthese</subfield>
    <subfield code="0">(DE-627)09139631X</subfield>
    <subfield code="0">(DE-STW)10087-5</subfield>
    <subfield code="2">stw</subfield>
  </datafield>
  <datafield tag="650" ind1=" " ind2="7">
    <subfield code="8">1.4\x</subfield>
    <subfield code="a">Phillips-Kurve</subfield>
    <subfield code="0">(DE-627)09138317X</subfield>
    <subfield code="0">(DE-STW)10255-3</subfield>
    <subfield code="2">stw</subfield>
  </datafield>
  <datafield tag="650" ind1=" " ind2="7">
    <subfield code="8">1.5\x</subfield>
    <subfield code="a">Theorie</subfield>
    <subfield code="0">(DE-627)091394902</subfield>
    <subfield code="0">(DE-STW)19073-6</subfield>
    <subfield code="2">stw</subfield>
  </datafield>
  <datafield tag="700" ind1="1" ind2=" ">
    <subfield code="a">Snower, Dennis J.</subfield>
    <subfield code="d">1950-</subfield>
    <subfield code="0">(DE-588)124825109</subfield>
    <subfield code="0">(DE-627)366752960</subfield>
    <subfield code="0">(DE-576)294521690</subfield>
    <subfield code="4">aut</subfield>
  </datafield>
  <datafield tag="776" ind1="0" ind2="8">
    <subfield code="i">Druckausg.</subfield>
    <subfield code="a">Graham, Liam, 1968 - </subfield>
    <subfield code="t">Hyperbolic discounting and positive optimal inflation</subfield>
    <subfield code="d">London : Centre for Economic Policy Research, 2011</subfield>
    <subfield code="h">47 S.</subfield>
    <subfield code="w">(DE-627)663197627</subfield>
  </datafield>
  <datafield tag="810" ind1="2" ind2=" ">
    <subfield code="a">Centre for Economic Policy Research</subfield>
    <subfield code="t">Discussion papers</subfield>
    <subfield code="v">8390</subfield>
    <subfield code="9">8390</subfield>
    <subfield code="w">(DE-627)32040868X</subfield>
    <subfield code="w">(DE-576)095551840</subfield>
    <subfield code="w">(DE-600)2001019-9</subfield>
  </datafield>
  <datafield tag="856" ind1="4" ind2="0">
    <subfield code="u">http://www.cepr.org/pubs/new-dps/dplist.asp?dpno=8390</subfield>
    <subfield code="x">Verlag</subfield>
    <subfield code="3">Volltext</subfield>
  </datafield>
  <datafield tag="856" ind1="4" ind2="0">
    <subfield code="u">http://hdl.handle.net/10419/60322</subfield>
    <subfield code="x">Resolving-System</subfield>
    <subfield code="3">Volltext</subfield>
  </datafield>
  <datafield tag="856" ind1="7" ind2=" ">
    <subfield code="u">10419/60322</subfield>
    <subfield code="2">hdl</subfield>
  </datafield>
  <datafield tag="924" ind1="1" ind2=" ">
    <subfield code="a">1317080750</subfield>
    <subfield code="b">DE-206</subfield>
    <subfield code="9">206</subfield>
    <subfield code="c">GBV</subfield>
    <subfield code="d">d</subfield>
    <subfield code="g">W 32 (8390)</subfield>
    <subfield code="h">K:</subfield>
  </datafield>
  <datafield tag="924" ind1="1" ind2=" ">
    <subfield code="a">1783102063</subfield>
    <subfield code="b">DE-700</subfield>
    <subfield code="9">700</subfield>
    <subfield code="c">GBV</subfield>
    <subfield code="d">d</subfield>
    <subfield code="k">http://hdl.handle.net/10419/60322</subfield>
  </datafield>
  <datafield tag="951" ind1=" " ind2=" ">
    <subfield code="a">BO</subfield>
  </datafield>
</record>