
<?xml version="1.0" encoding="UTF-8"?>
<record xmlns="http://www.loc.gov/MARC21/slim">
  <leader>     cam a22       b4500</leader>
  <controlfield tag="001">782486339</controlfield>
  <controlfield tag="003">DE-627</controlfield>
  <controlfield tag="005">20190813094457.0</controlfield>
  <controlfield tag="007">cr uuu---uuuuu</controlfield>
  <controlfield tag="008">140408s2013    xx |||||o     10| ||eng c</controlfield>
  <datafield tag="024" ind1="7" ind2=" ">
    <subfield code="a">10419/79961</subfield>
    <subfield code="2">hdl</subfield>
  </datafield>
  <datafield tag="035" ind1=" " ind2=" ">
    <subfield code="a">(DE-627)782486339</subfield>
  </datafield>
  <datafield tag="035" ind1=" " ind2=" ">
    <subfield code="a">(DE-576)9782486337</subfield>
  </datafield>
  <datafield tag="035" ind1=" " ind2=" ">
    <subfield code="a">(DE-599)GBV782486339</subfield>
  </datafield>
  <datafield tag="035" ind1=" " ind2=" ">
    <subfield code="a">(OCoLC)931522883</subfield>
  </datafield>
  <datafield tag="040" ind1=" " ind2=" ">
    <subfield code="a">DE-627</subfield>
    <subfield code="b">ger</subfield>
    <subfield code="c">DE-627</subfield>
    <subfield code="e">rakwb</subfield>
  </datafield>
  <datafield tag="041" ind1=" " ind2=" ">
    <subfield code="a">eng</subfield>
  </datafield>
  <datafield tag="044" ind1=" " ind2=" ">
    <subfield code="c">XA-DE</subfield>
  </datafield>
  <datafield tag="082" ind1="0" ind2="4">
    <subfield code="a">330</subfield>
  </datafield>
  <datafield tag="084" ind1=" " ind2=" ">
    <subfield code="a">F22</subfield>
    <subfield code="a">J61</subfield>
    <subfield code="2">JEL</subfield>
  </datafield>
  <datafield tag="245" ind1="1" ind2="4">
    <subfield code="a">The political economy of trade and migration</subfield>
    <subfield code="b">evidence from the US Congress ; conference paper</subfield>
    <subfield code="c">Steinhardt, Max; Conconi, Paola; Facchini, Giovanni; Zanardi, Maurizio</subfield>
  </datafield>
  <datafield tag="264" ind1=" " ind2="1">
    <subfield code="a">[Kiel</subfield>
    <subfield code="a">Hamburg]</subfield>
    <subfield code="b">ZBW</subfield>
    <subfield code="c">2013</subfield>
  </datafield>
  <datafield tag="300" ind1=" " ind2=" ">
    <subfield code="a">Online-Ressource (39 S.)</subfield>
    <subfield code="b">graph. Darst.</subfield>
  </datafield>
  <datafield tag="336" ind1=" " ind2=" ">
    <subfield code="a">Text</subfield>
    <subfield code="b">txt</subfield>
    <subfield code="2">rdacontent</subfield>
  </datafield>
  <datafield tag="337" ind1=" " ind2=" ">
    <subfield code="a">Computermedien</subfield>
    <subfield code="b">c</subfield>
    <subfield code="2">rdamedia</subfield>
  </datafield>
  <datafield tag="338" ind1=" " ind2=" ">
    <subfield code="a">Online-Ressource</subfield>
    <subfield code="b">cr</subfield>
    <subfield code="2">rdacarrier</subfield>
  </datafield>
  <datafield tag="490" ind1="1" ind2=" ">
    <subfield code="a">Beiträge zur Jahrestagung des Vereins für Socialpolitik 2013: Wettbewerbspolitik und Regulierung in einer globalen Wirtschaftsordnung</subfield>
    <subfield code="a">A12, Session: Empirical public choice</subfield>
    <subfield code="v">V3</subfield>
  </datafield>
  <datafield tag="490" ind1="1" ind2=" ">
    <subfield code="a">CEPR discussion paper</subfield>
    <subfield code="v">9270</subfield>
  </datafield>
  <datafield tag="520" ind1=" " ind2=" ">
    <subfield code="a">Over the last decades, the United States has become increasingly integrated in the world economy. Very low trade barriers and comparatively liberal migration policies have made these developments possible. What drove US congressmen to support the recent wave of globalization? While much of the literature has emphasized the differences that exist between the political economy of trade and migration, in this paper we find that important similarities should not be overlooked. In particular, our analysis of congressional voting between 1970 and 2006 suggests that economic drivers that work through the labor market play an important role in shaping representatives&apos; behavior on both types of policies. Representatives from more skilled-labor abundant districts are more likely to support both trade liberalization and a more open stance vis-a-vis unskilled immigration. Still, important systematic differences exist: welfare state considerations and network effects have an impact on the support for immigration liberalization, but not for trade; Democratic lawmakers are systematically more likely to support a more open migration stance than their Republican counterparts, and the opposite is true for trade liberalization.</subfield>
  </datafield>
  <datafield tag="538" ind1=" " ind2=" ">
    <subfield code="a">Systemvoraussetzungen: Acrobat Reader.</subfield>
  </datafield>
  <datafield tag="648" ind1=" " ind2="7">
    <subfield code="8">1.6\x</subfield>
    <subfield code="a">1970-2006</subfield>
    <subfield code="2">stw</subfield>
  </datafield>
  <datafield tag="650" ind1=" " ind2="7">
    <subfield code="8">1.1\x</subfield>
    <subfield code="a">Handelsliberalisierung</subfield>
    <subfield code="0">(DE-627)091348587</subfield>
    <subfield code="0">(DE-STW)19317-4</subfield>
    <subfield code="2">stw</subfield>
  </datafield>
  <datafield tag="650" ind1=" " ind2="7">
    <subfield code="8">1.2\x</subfield>
    <subfield code="a">Migrationspolitik</subfield>
    <subfield code="0">(DE-627)091377722</subfield>
    <subfield code="0">(DE-STW)16486-3</subfield>
    <subfield code="2">stw</subfield>
  </datafield>
  <datafield tag="650" ind1=" " ind2="7">
    <subfield code="8">1.3\x</subfield>
    <subfield code="a">Neue politische Ökonomie</subfield>
    <subfield code="0">(DE-627)091384877</subfield>
    <subfield code="0">(DE-STW)10975-4</subfield>
    <subfield code="2">stw</subfield>
  </datafield>
  <datafield tag="650" ind1=" " ind2="7">
    <subfield code="8">1.4\x</subfield>
    <subfield code="a">Abstimmung</subfield>
    <subfield code="0">(DE-627)09134560X</subfield>
    <subfield code="0">(DE-STW)19692-6</subfield>
    <subfield code="2">stw</subfield>
  </datafield>
  <datafield tag="650" ind1=" " ind2="7">
    <subfield code="8">1.5\x</subfield>
    <subfield code="a">USA</subfield>
    <subfield code="0">(DE-627)091396867</subfield>
    <subfield code="0">(DE-STW)17829-1</subfield>
    <subfield code="2">stw</subfield>
  </datafield>
  <datafield tag="655" ind1=" " ind2="7">
    <subfield code="a">Konferenzschrift</subfield>
    <subfield code="0">(DE-588)1071861417</subfield>
    <subfield code="0">(DE-627)826484824</subfield>
    <subfield code="0">(DE-576)433375485</subfield>
    <subfield code="2">gnd-content</subfield>
  </datafield>
  <datafield tag="700" ind1="1" ind2=" ">
    <subfield code="a">Conconi, Paola</subfield>
    <subfield code="0">(DE-588)123417473</subfield>
    <subfield code="0">(DE-627)518670759</subfield>
    <subfield code="0">(DE-576)29370063X</subfield>
    <subfield code="4">oth</subfield>
  </datafield>
  <datafield tag="700" ind1="1" ind2=" ">
    <subfield code="a">Facchini, Giovanni</subfield>
    <subfield code="0">(DE-588)128990333</subfield>
    <subfield code="0">(DE-627)504158201</subfield>
    <subfield code="0">(DE-576)297433881</subfield>
    <subfield code="4">oth</subfield>
  </datafield>
  <datafield tag="700" ind1="1" ind2=" ">
    <subfield code="a">Steinhardt, Max Friedrich</subfield>
    <subfield code="d">1976-</subfield>
    <subfield code="0">(DE-588)141951176</subfield>
    <subfield code="0">(DE-627)63253981X</subfield>
    <subfield code="0">(DE-576)327023481</subfield>
    <subfield code="4">oth</subfield>
  </datafield>
  <datafield tag="700" ind1="1" ind2=" ">
    <subfield code="a">Zanardi, Maurizio</subfield>
    <subfield code="d">1971-</subfield>
    <subfield code="0">(DE-588)129325147</subfield>
    <subfield code="0">(DE-627)393097129</subfield>
    <subfield code="0">(DE-576)297599437</subfield>
    <subfield code="4">oth</subfield>
  </datafield>
  <datafield tag="776" ind1="0" ind2="8">
    <subfield code="i">Druckausg.</subfield>
    <subfield code="t">The political economy of trade and migration</subfield>
    <subfield code="d">London : Centre for Economic Policy Research, 2012</subfield>
    <subfield code="h">39 S.</subfield>
    <subfield code="w">(DE-627)736422609</subfield>
  </datafield>
  <datafield tag="810" ind1="2" ind2=" ">
    <subfield code="a">Verein für Socialpolitik</subfield>
    <subfield code="t">Jahrestagung des Vereins für Socialpolitik 2013</subfield>
    <subfield code="n">A12</subfield>
    <subfield code="p">Session: Empirical public choice ; V3</subfield>
    <subfield code="v">A12-V3</subfield>
    <subfield code="9">A,12,3.2013</subfield>
    <subfield code="w">(DE-627)781990505</subfield>
    <subfield code="w">(DE-576)9781990503</subfield>
  </datafield>
  <datafield tag="810" ind1="2" ind2=" ">
    <subfield code="a">Centre for Economic Policy Research</subfield>
    <subfield code="t">Discussion papers</subfield>
    <subfield code="v">9270</subfield>
    <subfield code="9">9270</subfield>
    <subfield code="w">(DE-627)32040868X</subfield>
    <subfield code="w">(DE-576)095551840</subfield>
    <subfield code="w">(DE-600)2001019-9</subfield>
  </datafield>
  <datafield tag="856" ind1="4" ind2="0">
    <subfield code="u">http://hdl.handle.net/10419/79961</subfield>
    <subfield code="x">Resolving-System</subfield>
    <subfield code="z">Kostenfrei</subfield>
    <subfield code="3">Volltext</subfield>
  </datafield>
  <datafield tag="856" ind1="4" ind2="0">
    <subfield code="u">http://epub.sub.uni-hamburg.de/epub/volltexte/einzelplatz/2015/40708/</subfield>
    <subfield code="x">Verlag</subfield>
    <subfield code="z">Einzellizenz</subfield>
    <subfield code="3">Volltext</subfield>
  </datafield>
  <datafield tag="856" ind1="7" ind2=" ">
    <subfield code="u">10419/79961</subfield>
    <subfield code="2">hdl</subfield>
  </datafield>
  <datafield tag="924" ind1="1" ind2=" ">
    <subfield code="a">154174165X</subfield>
    <subfield code="b">DE-18</subfield>
    <subfield code="9">18</subfield>
    <subfield code="c">GBV</subfield>
    <subfield code="d">d</subfield>
    <subfield code="k">http://epub.sub.uni-hamburg.de/epub/volltexte/einzelplatz/2015/40708/</subfield>
  </datafield>
  <datafield tag="924" ind1="1" ind2=" ">
    <subfield code="a">1467133442</subfield>
    <subfield code="b">DE-206</subfield>
    <subfield code="9">206</subfield>
    <subfield code="c">GBV</subfield>
    <subfield code="d">d</subfield>
    <subfield code="g">DSM 13</subfield>
    <subfield code="h">K:</subfield>
  </datafield>
  <datafield tag="924" ind1="1" ind2=" ">
    <subfield code="a">1504597885</subfield>
    <subfield code="b">DE-705</subfield>
    <subfield code="9">705</subfield>
    <subfield code="c">GBV</subfield>
    <subfield code="d">d</subfield>
  </datafield>
  <datafield tag="924" ind1="1" ind2=" ">
    <subfield code="a">1783101938</subfield>
    <subfield code="b">DE-700</subfield>
    <subfield code="9">700</subfield>
    <subfield code="c">GBV</subfield>
    <subfield code="d">d</subfield>
    <subfield code="k">http://hdl.handle.net/10419/79961</subfield>
  </datafield>
  <datafield tag="950" ind1="l" ind2=" ">
    <subfield code="a">immigration reforms and trade reforms</subfield>
    <subfield code="2">26</subfield>
  </datafield>
  <datafield tag="951" ind1=" " ind2=" ">
    <subfield code="a">MV</subfield>
  </datafield>
</record>