
<?xml version="1.0" encoding="UTF-8"?>
<record xmlns="http://www.loc.gov/MARC21/slim">
  <leader>     cam a22       b4500</leader>
  <controlfield tag="001">859849643</controlfield>
  <controlfield tag="003">DE-627</controlfield>
  <controlfield tag="005">20190813094507.0</controlfield>
  <controlfield tag="007">cr uuu---uuuuu</controlfield>
  <controlfield tag="008">160527s2014    xx |||||o     00| ||eng c</controlfield>
  <datafield tag="024" ind1="7" ind2=" ">
    <subfield code="a">10419/124817</subfield>
    <subfield code="2">hdl</subfield>
  </datafield>
  <datafield tag="035" ind1=" " ind2=" ">
    <subfield code="a">(DE-627)859849643</subfield>
  </datafield>
  <datafield tag="035" ind1=" " ind2=" ">
    <subfield code="a">(DE-599)GBV859849643</subfield>
  </datafield>
  <datafield tag="035" ind1=" " ind2=" ">
    <subfield code="a">(OCoLC)950676271</subfield>
  </datafield>
  <datafield tag="040" ind1=" " ind2=" ">
    <subfield code="a">DE-627</subfield>
    <subfield code="b">ger</subfield>
    <subfield code="c">DE-627</subfield>
    <subfield code="e">rda</subfield>
  </datafield>
  <datafield tag="041" ind1=" " ind2=" ">
    <subfield code="a">eng</subfield>
  </datafield>
  <datafield tag="044" ind1=" " ind2=" ">
    <subfield code="c">XA-BE</subfield>
  </datafield>
  <datafield tag="082" ind1="0" ind2="4">
    <subfield code="a">330</subfield>
  </datafield>
  <datafield tag="084" ind1=" " ind2=" ">
    <subfield code="a">A14</subfield>
    <subfield code="a">J15</subfield>
    <subfield code="a">R14</subfield>
    <subfield code="a">Z13</subfield>
    <subfield code="2">JEL</subfield>
  </datafield>
  <datafield tag="100" ind1="1" ind2=" ">
    <subfield code="a">Picard, Pierre M.</subfield>
    <subfield code="e">VerfasserIn</subfield>
    <subfield code="0">(DE-588)122906985</subfield>
    <subfield code="0">(DE-627)509048439</subfield>
    <subfield code="0">(DE-576)293471940</subfield>
    <subfield code="4">aut</subfield>
  </datafield>
  <datafield tag="245" ind1="1" ind2="0">
    <subfield code="a">Urban spatial structure, employment and social ties</subfield>
    <subfield code="c">Pierre Picard, (CREA, University of Luxembourg and CORE, Université Catholique de Louvain), Yves Zenou, (Stockholm University, Research Institute of Industrial Economics, GAINS and CEPR)</subfield>
  </datafield>
  <datafield tag="264" ind1=" " ind2="1">
    <subfield code="a">[Louvain-la-Neuve]</subfield>
    <subfield code="b">European Regional Science Association</subfield>
    <subfield code="c">June 2014</subfield>
  </datafield>
  <datafield tag="300" ind1=" " ind2=" ">
    <subfield code="a">1 Online-Ressource (circa 71 Seiten)</subfield>
    <subfield code="b">Illustrationen</subfield>
  </datafield>
  <datafield tag="336" ind1=" " ind2=" ">
    <subfield code="a">Text</subfield>
    <subfield code="b">txt</subfield>
    <subfield code="2">rdacontent</subfield>
  </datafield>
  <datafield tag="337" ind1=" " ind2=" ">
    <subfield code="a">Computermedien</subfield>
    <subfield code="b">c</subfield>
    <subfield code="2">rdamedia</subfield>
  </datafield>
  <datafield tag="338" ind1=" " ind2=" ">
    <subfield code="a">Online-Ressource</subfield>
    <subfield code="b">cr</subfield>
    <subfield code="2">rdacarrier</subfield>
  </datafield>
  <datafield tag="490" ind1="1" ind2=" ">
    <subfield code="a">World renaissance : changing roles for people and places : programme and list of participations : ERSA 55th Congress : in conjunction with the 21th APDR Congress : 25-28 August 2015 - Lisbon, Portugal / Regional Science Association International; Lisbon School of Economics &amp; Management, Universidade de Lisboa; Associação Portuguesa papa o Desenvolvimento Regional</subfield>
  </datafield>
  <datafield tag="490" ind1="1" ind2=" ">
    <subfield code="a">Discussion paper series / Centre for Economic Policy Research</subfield>
    <subfield code="v">10030</subfield>
    <subfield code="a">Labour economics</subfield>
  </datafield>
  <datafield tag="520" ind1=" " ind2=" ">
    <subfield code="a">We develop a model where workers both choose their residential location (geographical space) and social interactions (social space). In equilibrium, we show under which condition the majority group resides close to the job center while the minority group lives far away from it. Even though the two populations are ex ante totally identical, we find that the majority group experiences a lower unemployment rate than the minority group and tends to socially interact more with other workers of its own group. Within each group, we demonstrate that workers residing farther away from the job center tend to search less for a job and are less likely to be employed. This model is thus able to explain why ethnic minorities are segregated in the urban and social space and why this leads to adverse labor-market outcomes in the absence of any discrimination against the minority group.</subfield>
  </datafield>
  <datafield tag="700" ind1="1" ind2=" ">
    <subfield code="a">Zenou, Yves</subfield>
    <subfield code="d">1961-</subfield>
    <subfield code="e">VerfasserIn</subfield>
    <subfield code="0">(DE-588)12251386X</subfield>
    <subfield code="0">(DE-627)389522678</subfield>
    <subfield code="0">(DE-576)293303320</subfield>
    <subfield code="4">aut</subfield>
  </datafield>
  <datafield tag="776" ind1="0" ind2="8">
    <subfield code="i">Erscheint auch als</subfield>
    <subfield code="n">Druck-Ausgabe</subfield>
    <subfield code="a">Picard, Pierre M.</subfield>
    <subfield code="t">Urban spatial structure, employment and social ties</subfield>
    <subfield code="d">London : Centre for Economic Policy Research, 2014</subfield>
    <subfield code="h">63, [5] S.</subfield>
    <subfield code="w">(DE-627)79134925X</subfield>
  </datafield>
  <datafield tag="810" ind1="2" ind2=" ">
    <subfield code="a">Centre for Economic Policy Research</subfield>
    <subfield code="t">Discussion papers</subfield>
    <subfield code="v">10030</subfield>
    <subfield code="9">10030</subfield>
    <subfield code="w">(DE-627)32040868X</subfield>
    <subfield code="w">(DE-576)095551840</subfield>
    <subfield code="w">(DE-600)2001019-9</subfield>
  </datafield>
  <datafield tag="811" ind1="2" ind2=" ">
    <subfield code="a">European Regional Science Association</subfield>
    <subfield code="e">Congress</subfield>
    <subfield code="n">55.</subfield>
    <subfield code="d">2015</subfield>
    <subfield code="c">Lissabon</subfield>
    <subfield code="t">World renaissance</subfield>
    <subfield code="9">27.2015</subfield>
    <subfield code="w">(DE-627)859679691</subfield>
  </datafield>
  <datafield tag="856" ind1="4" ind2="0">
    <subfield code="u">http://hdl.handle.net/10419/124817</subfield>
    <subfield code="x">Resolving-System</subfield>
    <subfield code="3">Volltext</subfield>
  </datafield>
  <datafield tag="856" ind1="7" ind2=" ">
    <subfield code="u">10419/124817</subfield>
    <subfield code="2">hdl</subfield>
  </datafield>
  <datafield tag="924" ind1="1" ind2=" ">
    <subfield code="a">1616971231</subfield>
    <subfield code="b">DE-206</subfield>
    <subfield code="9">206</subfield>
    <subfield code="c">GBV</subfield>
    <subfield code="d">d</subfield>
    <subfield code="g">DSM 35</subfield>
    <subfield code="h">K:</subfield>
  </datafield>
  <datafield tag="924" ind1="1" ind2=" ">
    <subfield code="a">1782671773</subfield>
    <subfield code="b">DE-700</subfield>
    <subfield code="9">700</subfield>
    <subfield code="c">GBV</subfield>
    <subfield code="d">d</subfield>
    <subfield code="k">http://hdl.handle.net/10419/124817</subfield>
  </datafield>
  <datafield tag="950" ind1="l" ind2=" ">
    <subfield code="a">Social interactions</subfield>
    <subfield code="a">segregation</subfield>
    <subfield code="a">labor market</subfield>
    <subfield code="a">spatial mismatch</subfield>
    <subfield code="2">26</subfield>
  </datafield>
  <datafield tag="951" ind1=" " ind2=" ">
    <subfield code="a">MV</subfield>
  </datafield>
</record>